@article{marioni2008rna,
  title={RNA-seq: an assessment of technical reproducibility and comparison with gene expression arrays},
  author={Marioni, John C and Mason, Christopher E and Mane, Shrikant M and Stephens, Matthew and Gilad, Yoav},
  journal={Genome research},
  volume={18},
  number={9},
  pages={1509--1517},
  year={2008},
  publisher={Cold Spring Harbor Lab}
}

@incollection{lorenz2014using,
  title={Using RNA-seq data to detect differentially expressed genes},
  author={Lorenz, Douglas J and Gill, Ryan S and Mitra, Ritendranath and Datta, Susmita},
  booktitle={Statistical analysis of next generation sequencing data},
  pages={25--49},
  year={2014},
  publisher={Springer}
}

@article{zhou2014robustly,
  title={Robustly detecting differential expression in RNA sequencing data using observation weights},
  author={Zhou, Xiaobei and Lindsay, Helen and Robinson, Mark D},
  journal={Nucleic acids research},
  volume={42},
  number={11},
  pages={e91--e91},
  year={2014},
  publisher={Oxford University Press}
}

@article{dundar2015introduction,
  title={Introduction to differential gene expression analysis using RNA-seq},
  author={D{\"u}ndar, Friederike and Skrabanek, Luce and Zumbo, Paul},
  journal={Applied Bioinformatics Core/Weill Cornell Medical College},
  pages={1--67},
  year={2015}
}


@article{niemi2015empirical,
  title={Empirical Bayes analysis of RNA-seq data for detection of gene expression heterosis},
  author={Niemi, Jarad and Mittman, Eric and Landau, Will and Nettleton, Dan},
  journal={Journal of agricultural, biological, and environmental statistics},
  volume={20},
  number={4},
  pages={614--628},
  year={2015},
  publisher={Springer}
}





@mastersthesis{struss,
     AUTHOR = "Joseph A. Struss",
     TITLE = "An investigation of the sequence of utilizing a simulation in an introductory programming course",
     SCHOOL = "Iowa State University",
     YEAR = 1996}
@book{bruner,
     AUTHOR = "J. Bruner",
     Title = "The process of education",
     PUBLISHER = {Random House},
     ADDRESS = {New York},
     YEAR = 1960}
@article{allen,
  author =       "B. S. Allen",
  title =        "System-assigned learning strategies and CBI",
  journal =      "Journal of Instructional Computing Research",
  year =         1984,
  volume =       1,
  number =       1,
  pages =        "3--18"}
@Article{cox,
  author =       "S.~R. Cox",
  title =        "Computer-assisted instruction and student performance in macroeconomic principles", 
  journal =      "The Journal of Economic Education",
  year =         1974,
  volume =       6,
  number=        1,
  pages =        "29--37"}



